@article{greenwade93,
    author  = "George D. Greenwade",
    title   = "The {C}omprehensive {T}ex {A}rchive {N}etwork ({CTAN})",
    year    = "1993",
    journal = "TUGBoat",
    volume  = "14",
    number  = "3",
    pages   = "342--351"
}
@book{M-Theory,
      author         = "Becker, K. and Becker, M. and Schwarz, J. H.",
      title          = "{String theory and M-theory: A modern introduction}",
      publisher      = "Cambridge University Press",
      year           = "2006",
      ISBN           = "9780511254864, 9780521860697",
      SLACcitation   = "%%CITATION = INSPIRE-744404;%%"
}
@article{Servant:2002,
      author         = "Servant, Geraldine and Tait, Timothy M. P.",
      title          = "{Is the lightest Kaluza-Klein particle a viable dark
                        matter candidate?}",
      journal        = "Nucl. Phys.",
      volume         = "B650",
      year           = "2003",
      pages          = "391-419",
      doi            = "10.1016/S0550-3213(02)01012-X",
      eprint         = "hep-ph/0206071",
      archivePrefix  = "arXiv",
      primaryClass   = "hep-ph",
      reportNumber   = "ANL-HEP-PR-02-032, EFI-02-74",
      SLACcitation   = "%%CITATION = HEP-PH/0206071;%%"
}
@article{Bertone:2004,
      author         = "Bertone, Gianfranco and Hooper, Dan and Silk, Joseph",
      title          = "{Particle dark matter: Evidence, candidates and
                        constraints}",
      journal        = "Phys. Rept.",
      volume         = "405",
      year           = "2005",
      pages          = "279-390",
      doi            = "10.1016/j.physrep.2004.08.031",
      eprint         = "hep-ph/0404175",
      archivePrefix  = "arXiv",
      primaryClass   = "hep-ph",
      reportNumber   = "FERMILAB-PUB-04-047-A",
      SLACcitation   = "%%CITATION = HEP-PH/0404175;%%"
}
@article{Kolb:1983fm,
      author         = "Kolb, Edward W. and Slansky, Richard",
      title          = "{Dimensional Reduction in the Early Universe: Where Have
                        the Massive Particles Gone?}",
      journal        = "Phys. Lett.",
      volume         = "135B",
      year           = "1984",
      pages          = "378",
      doi            = "10.1016/0370-2693(84)90298-3",
      reportNumber   = "FERMILAB-PUB-83-088-A",
      SLACcitation   = "%%CITATION = PHLTA,135B,378;%%"
}
@article{Appelquist:2000,
      author         = "Appelquist, Thomas and Cheng, Hsin-Chia and Dobrescu,
                        Bogdan A.",
      title          = "{Bounds on universal extra dimensions}",
      journal        = "Phys. Rev.",
      volume         = "D64",
      year           = "2001",
      pages          = "035002",
      doi            = "10.1103/PhysRevD.64.035002",
      eprint         = "hep-ph/0012100",
      archivePrefix  = "arXiv",
      primaryClass   = "hep-ph",
      reportNumber   = "YCTP-P12-00, EFI-2000-48, EFI--2000-48",
      SLACcitation   = "%%CITATION = HEP-PH/0012100;%%"
}
@article{ArkaniHamed:1998rs,
      author         = "Arkani-Hamed, Nima and Dimopoulos, Savas and Dvali, G.
                        R.",
      title          = "{The Hierarchy problem and new dimensions at a
                        millimeter}",
      journal        = "Phys. Lett.",
      volume         = "B429",
      year           = "1998",
      pages          = "263-272",
      doi            = "10.1016/S0370-2693(98)00466-3",
      eprint         = "hep-ph/9803315",
      archivePrefix  = "arXiv",
      primaryClass   = "hep-ph",
      reportNumber   = "SLAC-PUB-7769, SU-ITP-98-13",
      SLACcitation   = "%%CITATION = HEP-PH/9803315;%%"
}
@article{Dobrescu:2001ae,
      author         = "Dobrescu, Bogdan A. and Poppitz, Erich",
      title          = "{Number of fermion generations derived from anomaly
                        cancellation}",
      journal        = "Phys. Rev. Lett.",
      volume         = "87",
      year           = "2001",
      pages          = "031801",
      doi            = "10.1103/PhysRevLett.87.031801",
      eprint         = "hep-ph/0102010",
      archivePrefix  = "arXiv",
      primaryClass   = "hep-ph",
      reportNumber   = "YCTP-P1-01",
      SLACcitation   = "%%CITATION = HEP-PH/0102010;%%"
}
@article{Tong:2009np,
      author         = "Tong, David",
      title          = "{String Theory}",
      year           = "2009",
      eprint         = "0908.0333",
      archivePrefix  = "arXiv",
      primaryClass   = "hep-th",
      SLACcitation   = "%%CITATION = ARXIV:0908.0333;%%"
}
@book{Polchinski:1998rq,
      author         = "Polchinski, J.",
      title          = "{String theory. Vol. 1: An introduction to the bosonic
                        string}",
      publisher      = "Cambridge University Press",
      year           = "2007",
      ISBN           = "9780511252273, 9780521672276, 9780521633031",
      SLACcitation   = "%%CITATION = INSPIRE-487240;%%"
}
@article{Shaw:2014gba,
      author         = "Shaw, Avirup",
      title          = "{KK-parity non-conservation in UED confronts LHC data}",
      journal        = "Eur. Phys. J.",
      volume         = "C75",
      year           = "2015",
      number         = "1",
      pages          = "33",
      doi            = "10.1140/epjc/s10052-014-3245-0",
      eprint         = "1405.3139",
      archivePrefix  = "arXiv",
      primaryClass   = "hep-ph",
      SLACcitation   = "%%CITATION = ARXIV:1405.3139;%%"
}
@article{Agashe:2014kda,
      author         = "Olive, K. A. and others",
      title          = "{Review of Particle Physics}",
      collaboration  = "Particle Data Group",
      journal        = "Chin. Phys.",
      volume         = "C38",
      year           = "2014",
      pages          = "090001",
      doi            = "10.1088/1674-1137/38/9/090001",
      SLACcitation   = "%%CITATION = CHPHD,C38,090001;%%"
}
@article{Kapner:2006si,
      author         = "Kapner, D. J. and Cook, T. S. and Adelberger, E. G. and
                        Gundlach, J. H. and Heckel, Blayne R. and Hoyle, C. D. and
                        Swanson, H. E.",
      title          = "{Tests of the gravitational inverse-square law below the
                        dark-energy length scale}",
      journal        = "Phys. Rev. Lett.",
      volume         = "98",
      year           = "2007",
      pages          = "021101",
      doi            = "10.1103/PhysRevLett.98.021101",
      eprint         = "hep-ph/0611184",
      archivePrefix  = "arXiv",
      primaryClass   = "hep-ph",
      SLACcitation   = "%%CITATION = HEP-PH/0611184;%%"
}

@article{Cheng:2002iz,
      author         = "Cheng, Hsin-Chia and Matchev, Konstantin T. and Schmaltz,
                        Martin",
      title          = "{Radiative corrections to Kaluza-Klein masses}",
      journal        = "Phys. Rev.",
      volume         = "D66",
      year           = "2002",
      pages          = "036005",
      doi            = "10.1103/PhysRevD.66.036005",
      eprint         = "hep-ph/0204342",
      archivePrefix  = "arXiv",
      primaryClass   = "hep-ph",
      reportNumber   = "EFI-02-73, UFIFT-HEP-02-6, BUHEP-02-20",
      SLACcitation   = "%%CITATION = HEP-PH/0204342;%%"
}
@article{Servant:2002hb,
      author         = "Servant, Geraldine and Tait, Timothy M. P.",
      title          = "{Elastic scattering and direct detection of Kaluza-Klein
                        dark matter}",
      journal        = "New J. Phys.",
      volume         = "4",
      year           = "2002",
      pages          = "99",
      doi            = "10.1088/1367-2630/4/1/399",
      eprint         = "hep-ph/0209262",
      archivePrefix  = "arXiv",
      primaryClass   = "hep-ph",
      reportNumber   = "ANL-HEP-PR-02-054, EFI-02-94, FERMILAB-PUB-02-215-T",
      SLACcitation   = "%%CITATION = HEP-PH/0209262;%%"
}
@article{Kapner:2006si,
      author         = "Kapner, D. J. and Cook, T. S. and Adelberger, E. G. and
                        Gundlach, J. H. and Heckel, Blayne R. and Hoyle, C. D. and
                        Swanson, H. E.",
      title          = "{Tests of the gravitational inverse-square law below the
                        dark-energy length scale}",
      journal        = "Phys. Rev. Lett.",
      volume         = "98",
      year           = "2007",
      pages          = "021101",
      doi            = "10.1103/PhysRevLett.98.021101",
      eprint         = "hep-ph/0611184",
      archivePrefix  = "arXiv",
      primaryClass   = "hep-ph",
      SLACcitation   = "%%CITATION = HEP-PH/0611184;%%"
}

@article{Roszkowski:2017nbc,
      author         = "Roszkowski, Leszek and Sessolo, Enrico Maria and
                        Trojanowski, Sebastian",
      title          = "{WIMP dark matter candidates and searches - current
                        status and future prospects}",
      journal        = "Rept. Prog. Phys.",
      volume         = "81",
      year           = "2018",
      number         = "6",
      pages          = "066201",
      doi            = "10.1088/1361-6633/aab913",
      eprint         = "1707.06277",
      archivePrefix  = "arXiv",
      primaryClass   = "hep-ph",
      reportNumber   = "UCI-HEP-TR-2017-09, DO-TH-17-15, UCI-HEP-TR-2017-09-",
      SLACcitation   = "%%CITATION = ARXIV:1707.06277;%%"
}

@article{Bertone:2017adx,
      author         = "Bertone, Gianfranco and Bozorgnia, Nassim and Kim, Jong
                        Soo and Liem, Sebastian and McCabe, Christopher and Otten,
                        Sydney and Ruiz de Austri, Roberto",
      title          = "{Identifying WIMP dark matter from particle and
                        astroparticle data}",
      journal        = "JCAP",
      volume         = "1803",
      year           = "2018",
      number         = "03",
      pages          = "026",
      doi            = "10.1088/1475-7516/2018/03/026",
      eprint         = "1712.04793",
      archivePrefix  = "arXiv",
      primaryClass   = "hep-ph",
      reportNumber   = "IPPP-17-94, KCL-PH-TH-2017-55, TTK-17-45",
      SLACcitation   = "%%CITATION = ARXIV:1712.04793;%%"
}

@article{Khlopov:2018ttr,
      author         = "Khlopov, Maxim Yu",
      title          = "{Probes for Dark Matter Physics}",
      booktitle      = "{Proceedings, 3rd International Conference on Particle
                        Physics and Astrophysics (ICPPA 2017): Moscow, Russia,
                        October 2-5, 2017}",
      journal        = "Int. J. Mod. Phys.",
      volume         = "D27",
      year           = "2018",
      number         = "06",
      pages          = "1841013",
      doi            = "10.1142/S0218271818410134",
      eprint         = "1802.10184",
      archivePrefix  = "arXiv",
      primaryClass   = "hep-ph",
      SLACcitation   = "%%CITATION = ARXIV:1802.10184;%%"
}

@inproceedings{Cerdeno:2009zz,
      author         = "Cerdeno, David G.",
      title          = "{WIMPs: A brief bestiary}",
      booktitle      = "{Proceedings,  4th Patras Workshop on Axions, WIMPs and
                        WISPs (AXION-WIMP 2008): Hamburg, Germany, June 18-21,
                        2008}",
      url            = "http://inspirehep.net/record/867941/files/cerdeno_david.pdf",
      year           = "2009",
      pages          = "9-12",
      doi            = "10.3204/DESY-PROC-2008-02/cerdeno_david",
      SLACcitation   = "%%CITATION = INSPIRE-867941;%%"
}

@article{Saikawa:2017lzn,
      author         = "Saikawa, Ken'ichi",
      title          = "{Axion as a non-WIMP dark matter candidate}",
      booktitle      = "{Proceedings, 2017 European Physical Society Conference
                        on High Energy Physics (EPS-HEP 2017): Venice, Italy, July
                        5-12, 2017}",
      journal        = "PoS",
      volume         = "EPS-HEP2017",
      year           = "2017",
      pages          = "083",
      doi            = "10.22323/1.314.0083",
      eprint         = "1709.07091",
      archivePrefix  = "arXiv",
      primaryClass   = "hep-ph",
      reportNumber   = "DESY-17-141",
      SLACcitation   = "%%CITATION = ARXIV:1709.07091;%%"
}

@article{Ali-Haimoud:2017rtz,
      author         = "Ali-Haïmoud, Yacine and Kovetz, Ely D. and Kamionkowski,
                        Marc",
      title          = "{Merger rate of primordial black-hole binaries}",
      journal        = "Phys. Rev.",
      volume         = "D96",
      year           = "2017",
      number         = "12",
      pages          = "123523",
      doi            = "10.1103/PhysRevD.96.123523",
      eprint         = "1709.06576",
      archivePrefix  = "arXiv",
      primaryClass   = "astro-ph.CO",
      SLACcitation   = "%%CITATION = ARXIV:1709.06576;%%"
}

@article{Roszkowski:2017nbc,
      author         = "Roszkowski, Leszek and Sessolo, Enrico Maria and
                        Trojanowski, Sebastian",
      title          = "{WIMP dark matter candidates and searches - current
                        status and future prospects}",
      journal        = "Rept. Prog. Phys.",
      volume         = "81",
      year           = "2018",
      number         = "6",
      pages          = "066201",
      doi            = "10.1088/1361-6633/aab913",
      eprint         = "1707.06277",
      archivePrefix  = "arXiv",
      primaryClass   = "hep-ph",
      reportNumber   = "UCI-HEP-TR-2017-09, DO-TH-17-15, UCI-HEP-TR-2017-09-",
      SLACcitation   = "%%CITATION = ARXIV:1707.06277;%%"
}

@inproceedings{Profumo:2013yn,
      author         = "Profumo, Stefano",
      title          = "{Astrophysical Probes of Dark Matter}",
      booktitle      = "{Proceedings, Theoretical Advanced Study Institute in
                        Elementary Particle Physics: Searching for New Physics at
                        Small and Large Scales (TASI 2012): Boulder, Colorado,
                        June 4-29, 2012}",
      year           = "2013",
      url            = "http://inspirehep.net/record/1209480/files/arXiv:1301.0952.pdf",
      pages          = "143-189",
      doi            = "10.1142/9789814525220_0004",
      eprint         = "1301.0952",
      archivePrefix  = "arXiv",
      primaryClass   = "hep-ph",
      SLACcitation   = "%%CITATION = ARXIV:1301.0952;%%"
}

@book{Dodelson:2003ft,
      author         = "Dodelson, Scott",
      title          = "{Modern Cosmology}",
      publisher      = "Academic Press",
      address        = "Amsterdam",
      year           = "2003",
      url            = "http://www.slac.stanford.edu/spires/find/books/www?cl=QB981:D62:2003",
      journal        = "Amsterdam, Netherlands: Academic Pr. (2003) 440 p",
      ISBN           = "9780122191411",
      SLACcitation   = "%%CITATION = INSPIRE-640063;%%"
}
